@inproceedings{weblatency,
 author = {Flach, Tobias and Dukkipati, Nandita and Terzis, Andreas and Raghavan, Barath and Cardwell, Neal and Cheng, Yuchung and Jain, Ankur and Hao, Shuai and Katz-Bassett, Ethan and Govindan, Ramesh},
 title = {Reducing Web Latency: The Virtue of Gentle Aggression},
 booktitle = {Proceedings of the ACM SIGCOMM 2013 Conference on SIGCOMM},
 series = {SIGCOMM '13},
 year = {2013},
 isbn = {978-1-4503-2056-6},
 location = {Hong Kong, China},
 pages = {159--170},
 numpages = {12},
 url = {http://doi.acm.org/10.1145/2486001.2486014},
 doi = {10.1145/2486001.2486014},
 acmid = {2486014},
 publisher = {ACM},
 address = {New York, NY, USA},
 keywords = {congestion control, internet measurements, packet loss, recovery, redundancy, tcp, web latency},
} 


@article{webworkloads,
 author = {Barford, Paul and Crovella, Mark},
 title = {Generating Representative Web Workloads for Network and Server Performance Evaluation},
 journal = {SIGMETRICS Perform. Eval. Rev.},
 issue_date = {June 1998},
 volume = {26},
 number = {1},
 month = jun,
 year = {1998},
 issn = {0163-5999},
 pages = {151--160},
 numpages = {10},
 url = {http://doi.acm.org/10.1145/277858.277897},
 doi = {10.1145/277858.277897},
 acmid = {277897},
 publisher = {ACM},
 address = {New York, NY, USA},
} 


@inproceedings{webworkload2,
 author = {Menasc{\'e}, Daniel A. and Almeida, Virgilio A. F. and Fonseca, Rodrigo and Mendes, Marco A.},
 title = {A Methodology for Workload Characterization of E-commerce Sites},
 booktitle = {Proceedings of the 1st ACM Conference on Electronic Commerce},
 series = {EC '99},
 year = {1999},
 isbn = {1-58113-176-3},
 location = {Denver, Colorado, USA},
 pages = {119--128},
 numpages = {10},
 url = {http://doi.acm.org/10.1145/336992.337024},
 doi = {10.1145/336992.337024},
 acmid = {337024},
 publisher = {ACM},
 address = {New York, NY, USA},
} 

@article{tpcw,
 author = {Menasc{\'e}, Daniel A.},
 title = {{TPC-W: A Benchmark for E-Commerce}},
 journal = {IEEE Internet Computing},
 issue_date = {May 2002},
 volume = {6},
 number = {3},
 month = may,
 year = {2002},
 issn = {1089-7801},
 pages = {83--87},
 numpages = {5},
 url = {http://dx.doi.org/10.1109/MIC.2002.1003136},
 doi = {10.1109/MIC.2002.1003136},
 acmid = {613709},
 publisher = {IEEE Educational Activities Department},
 address = {Piscataway, NJ, USA},
} 

@misc{atlantafestival,
 title = {{Attendence for Eight-Day Series of Events Grew by 50 Percent}},
 year = 2015,
 month = Apr,
 day = 29,
 author = {Colleen Philbrick and Sara Wakefield},
howpublished={\url{http://atlantasciencefestival.org/content/atlanta-science-festival-brings-out-big-crowds-scientifically-curious}}
}

@misc{atlanta50,
 title = {{About the Atlanta Science Festival March 21--28, 2015 }},
 year = 2015,
 month = Apr,
 day = 29,
 author = {Colleen Philbrick and Sara Wakefield},
howpublished={\url{http://atlantasciencefestival.org/about-asf}}
}

@misc{specweb,
 title = {{The SPECweb2009 Benchmark}},
 howpublished={\url{http://www.spec.org/web2009}},
 year = 2009,
 author = {{SPEC}},
}

@article{speccpu,
 author = {Henning, John L.},
 title = {{SPEC CPU2006 Benchmark Descriptions}},
 journal = {SIGARCH Comput. Archit. News},
 issue_date = {September 2006},
 volume = {34},
 number = {4},
 month = sep,
 year = {2006},
 issn = {0163-5964},
 pages = {1--17},
 numpages = {17},
 url = {http://doi.acm.org/10.1145/1186736.1186737},
 doi = {10.1145/1186736.1186737},
 acmid = {1186737},
 publisher = {ACM},
 address = {New York, NY, USA},
} 


@inproceedings{recycle,
 author = {Shidal, Jonathan and Spilo, Ari J. and Scheid, Paul T. and Cytron, Ron K. and Kavi, Krishna M.},
 title = {Recycling Trash in Cache},
 booktitle = {Proceedings of the 2015 ACM SIGPLAN International Symposium on Memory Management},
 series = {ISMM 2015},
 year = {2015},
 isbn = {978-1-4503-3589-8},
 location = {Portland, OR, USA},
 pages = {118--130},
 numpages = {13},
 url = {http://doi.acm.org/10.1145/2754169.2754183},
 doi = {10.1145/2754169.2754183},
 acmid = {2754183},
 publisher = {ACM},
 address = {New York, NY, USA},
 keywords = {cache, garbage collection, reference counting},
} 

@article{costoflatency,
  title={The Cost of Latency in High-Frequency Trading},
  author={Moallemi, Ciamac C and Saglam, Mehmet},
  journal={Operations Research},
  volume={61},
  number={5},
  pages={1070--1086},
  year={2013},
  publisher={INFORMS}
}
@inproceedings{gdf,
  title={Role of aging, frequency, and size in web cache replacement policies},
  author={Cherkasova, Ludmila and Ciardo, Gianfranco},
  booktitle={High-Performance Computing and Networking},
  pages={114--123},
  year={2001},
  organization={Springer}
}

