%% This BibTeX bibliography file was created using BibDesk.
%% http://bibdesk.sourceforge.net/


%% Created for Ian Adams at 2013-03-04 12:37:24 -0800 


%% Saved with string encoding Unicode (UTF-8) 



@inproceedings{ester:kdd1996,
	Author = {Martin Ester and Hans-Peter Kriegel and Jorg Sander and Xiaowei Xu},
	Booktitle = {Proceedings of 2nd International Conference on Knowledge Discovery and Data Mining},
	Date-Added = {2013-03-04 12:35:48 -0800},
	Date-Modified = {2013-03-04 12:37:24 -0800},
	Title = {A Density-Based Algorithm for Discovering Clusters in Large Spatial Databases with Noise},
	Year = {1996}}

@inproceedings{rowe:icst11,
	Author = {Rowe, N and Garfinkel, S},
	Booktitle = {3rd Intl. ICST conference on digital forensics and cyber crime},
	Title = {Finding anomalous and suspicious files from directory metadata on a large corpus},
	Year = {2011}}

@article{yankov:kis08,
	Author = {Yankov, Dragomir and Keogh, Eamonn and Rebbapragada, Umaa},
	Issn = {0219-1377},
	Issue_Date = {November 2008},
	Journal = {Knowl. Inf. Syst.},
	Keywords = {Discords, Disk aware algorithms, Distance outliers, Time series},
	Month = nov,
	Number = {2},
	Numpages = {22},
	Pages = {241--262},
	Publisher = {Springer-Verlag New York, Inc.},
	Title = {Disk aware discord discovery: finding unusual time series in terabyte sized datasets},
	Volume = {17},
	Year = {2008}}

@article{doraimani2008file,
  title={File grouping for scientific data management: lessons from experimenting with real traces},
  author={Doraimani, Shyamala and Iamnitchi, Adriana},
  booktitle={Proceedings of the 17th international symposium on High performance distributed computing (HPDC'08)},
  pages={153--164},
  year={2008},
}

@article{bhadkamkar2009borg,
  title={BORG: block-reORGanization for self-optimizing storage systems},
  author={Bhadkamkar, Medha and Guerra, Jorge and Useche, Luis and Burnett, Sam and Liptak, Jason and Rangaswami, Raju and Hristidis, Vagelis},
  booktitle={Proccedings of the 7th conference on File and storage technologies (FAST'09)},
  pages={183--196},
  year={2009},
}

@misc{rao:crunch09,
	Author = {Leena Rao},
	Date-Added = {2009-04-22 16:01:26 -0700},
	Date-Modified = {2009-04-22 16:06:54 -0700},
	Howpublished = {\url{http://www.techcrunch.com/2009/04/14/hd-cloud-puts-video-formatting-in-the-cloud/}},
	Month = apr,
	Title = {HD Cloud Puts Video Formatting In The Cloud},
	Urldate = {{\ss}},
	Year = {2009}}

@inproceedings{hellman:ieee80,
	Author = {Martin Hellman},
	Booktitle = {IEEE Transactions on Information Theory},
	Date-Added = {2009-04-21 23:23:14 -0700},
	Date-Modified = {2009-04-21 23:27:03 -0700},
	Month = jul,
	Pages = {401-406},
	Title = {A cryptanalytic time-memory trade-off},
	Volume = {26},
	Year = {1980}}

@article{walter:sa05,
	Author = {Chip Walter},
	Date-Added = {2009-04-15 17:16:28 -0700},
	Date-Modified = {2009-04-15 17:16:41 -0700},
	Journal = {Scientific American},
	Month = jul,
	Title = {Kryder's Law},
	Year = {2005}}

@article{fwst2009,
	Author = {{Fort Worth Star-Telegram}},
	Date-Added = {2009-04-14 13:50:36 -0700},
	Date-Modified = {2009-04-14 13:55:57 -0700},
	Journal = {\url{http://www.star-telegram.com}},
	Month = apr,
	Title = {{FBI} raids {Dallas} computer firm},
	Year = {2009}}

@article{hands,
  Author       = {Wildani, A and Miller, E.L.  and Rodeh, O.},
  Title        = {HANDS: A Heuristically Arranged Non-Backup In-line Deduplication System},
  Journal = {International Conference on Data Engineering (ICDE'13)}
  Month        = apr,
  Year         = {2013}}

  @article{moore:spectrum04,
	Author = {Samuel K. Moore},
	Date-Added = {2009-04-14 13:33:55 -0700},
	Date-Modified = {2009-04-14 13:35:44 -0700},
	Journal = {IEEE Spectrum},
	Month = dec,
	Pages = {18--20},
	Title = {Price Fixing in the Memory Market},
	Year = {2004}}

@misc{amzSLA2008,
	Author = {{Amazon}},
	Date-Added = {2009-04-11 14:41:30 -0700},
	Date-Modified = {2009-04-14 13:55:41 -0700},
	Howpublished = {\url{http://aws.amazon.com/ec2-sla}},
	Month = oct,
	Title = {Amazon {EC2} Service Level Agreement},
	Year = {2008}}

@misc{rackSLA2009,
	Author = {Mosso},
	Date-Added = {2009-04-11 14:39:10 -0700},
	Date-Modified = {2009-04-14 13:45:42 -0700},
	Howpublished = {\url{http://www.mosso.com/downloads/sla_cloud_servers.pdf}},
	Month = mar,
	Title = {Rackspace {SLA}},
	Year = {2009}}

@misc{aws2009,
	Author = {{Amazon}},
	Date-Added = {2009-04-11 14:17:21 -0700},
	Date-Modified = {2009-04-14 13:40:29 -0700},
	Howpublished = {\url{http://aws.amazon.com/agreement/}},
	Month = apr,
	Title = {{AWS} Customer Agreement},
	Year = {2009}}

@misc{wayner2008,
	Author = {Peter Wayner},
	Date-Added = {2009-04-11 13:35:02 -0700},
	Date-Modified = {2009-04-14 13:40:40 -0700},
	Howpublished = {\url{http://www.infoworld.com/print/37122}},
	Month = jul,
	Title = {Cloud versus cloud: A guided tour of {Amazon}, {Google}, {AppNexus}, and {GoGrid}},
	Year = {2008}}

@misc{mer2009,
	Author = {{Energy Information Administration}},
	Date-Added = {2009-04-09 16:41:25 -0700},
	Date-Modified = {2009-04-09 16:41:25 -0700},
	Howpublished = {\url{http://www.eia.doe.gov/emeu/mer/contents.html}},
	Month = jan,
	Title = {Monthly Energy Review {January} 2009},
	Year = {2009}}

@misc{waf2008,
	Author = {{WaferNEWS}},
	Date-Added = {2009-04-11 13:15:00 -0700},
	Date-Modified = {2009-04-14 13:41:56 -0700},
	Howpublished = {\url{http://www.solid-state.com/display_article/333305/5/ONART/none/TCHNE/Memory-roundup:-DRAM-prices-up,-NAND-down,-no-"Apple-effect"22?dcmp=rss}},
	Month = jul,
	Title = {Memory roundup: {DRAM} prices up, {NAND} down, no ``{Apple} effect''},
	Year = {2008}}
