@inproceedings{xu2014springfs,
  title={{SpringFS}: Bridging Agility and Performance in Elastic Distributed Storage},
  author={Xu, Lianghong and Cipar, James and Krevat, Elie and Tumanov, Alexey and Gupta, Nitin and Kozuch, Michael A and Ganger, Gregory R},
  series={FAST '14},
  booktitle={Proceedings of the 12th USENIX Conference on File and Storage Technologies},
  pages={243--255},
  year={2014},
  REMorganization={USENIX Association}
}

@inproceedings{amur2010robust,
  title={Robust and flexible power-proportional storage},
  author={Amur, Hrishikesh and Cipar, James and Gupta, Varun and Ganger, Gregory R and Kozuch, Michael A and Schwan, Karsten},
  series={SOCC '10},
  booktitle={Proceedings of the 1st ACM Symposium on Cloud computing},
  pages={217--228},
  year={2010},
  REMorganization={ACM}
}

@inproceedings{sierra,
  title={Sierra: practical power-proportionality for data center storage},
  author={Thereska, Eno and Donnelly, Austin and Narayanan, Dushyanth},
  series={EuroSys '11},
  booktitle={Proceedings of the sixth European Conference on Computer systems},
  pages={169--182},
  year={2011},
  REMorganization={ACM}
}







@article{vaquero2011dynamically,
  title={Dynamically scaling applications in the cloud},
  author={Vaquero, Luis M and Rodero-Merino, Luis and Buyya, Rajkumar},
  journal={ACM SIGCOMM Computer Communication Review},
  volume={41},
  number={1},
  pages={45--52},
  year={2011},
  REMpublisher={ACM}
}

@inproceedings{nectar,
  title={Nectar: Automatic Management of Data and Computation in Datacenters.},
  author={Gunda, Pradeep Kumar and Ravindranath, Lenin and Thekkath, Chandramohan A and Yu, Yuan and Zhuang, Li},
  booktitle={OSDI},
  pages={75--88},
  year={2010}
}

@inproceedings{blinkdb,
  title={{BlinkDB}: queries with bounded errors and bounded response times on very large data},
  author={Agarwal, Sameer and Mozafari, Barzan and Panda, Aurojit and Milner, Henry and Madden, Samuel and Stoica, Ion},
  booktitle={EuroSys},
  booktitle={Proceedings of the 8th ACM European Conference on Computer Systems},
  pages={29--42},
  year={2013},
  REMorganization={ACM}
}

@article{dedup,
  title={A study of practical deduplication},
  author={Meyer, Dutch T and Bolosky, William J},
  journal={ACM Transactions on Storage (TOS)},
  volume={7},
  number={4},
  pages={14},
  year={2012},
  REMpublisher={ACM}
}

@misc{azuretrim,
title={{Trim Support comes to Windows Azure Virtual Machines}},
author={Mike Wood},
year={2013},
howpublished={\url{http://bit.ly/1kPXicF}},
howpublished={\url{http://mvwood.com/blog/trim-support-comes-to-windows-azure-virtual-machines/}},
}


@misc{Sysdig,
year={2015},
title={Sysdig: system troubleshooting tool},
author={{Sysdig}},
howpublished={\url{http://www.sysdig.org}},
}

@misc{FUSE,
year={2003},
title={Filesystem in USErspace},
author={Miklos Szeredi},
howpublished={\url{http://fuse.sf.net}},
}

@misc{decay,
year={2014},
title={A history of storage cost},
author={Matthew Komorowski},
howpublished={http://www.mkomo.com/cost-per-gigabyte-update}
}

@misc{volume,
year={2014},
author={{EMC}},
title={The Digital Universe of Opportunities},
howpublished={http://www.emc.com/leadership/digital-universe/2014iview/executive-summary.htm}
}

@ARTICLE{hellman, 
author={Hellman, M.E.}, 
journal={IEEE Transactions on Information Theory}, 
title={A cryptanalytic time-memory trade-off}, 
year={1980}, 
month={Jul}, 
volume={26}, 
number={4}, 
pages={401-406}, 
keywords={Cryptography;Costs;Cryptography;Length measurement;Table lookup;Testing}, 
doi={10.1109/TIT.1980.1056220}, 
ISSN={0018-9448},}

@INPROCEEDINGS{Borst98onthe,
    author = {Johan Borst and Bart Preneel and Joos Vandewalle and Joos V},
    title = {On the Time-Memory Tradeoff Between Exhaustive Key Search and Table Precomputation},
    booktitle = {Proc. of the 19th Symposium in Information Theory in the Benelux, WIC},
    year = {1998},
    pages = {111--118}
}

@inproceedings{timespace,
 author = {Galil, Zvi and Seiferas, Joel},
 title = {Time-space-optimal String Matching (Preliminary Report)},
 booktitle = {Proceedings of the Thirteenth Annual ACM Symposium on Theory of Computing},
 series = {STOC '81},
 year = {1981},
 location = {Milwaukee, Wisconsin, USA},
 pages = {106--113},
 numpages = {8},
 url = {http://doi.acm.org/10.1145/800076.802463},
 doi = {10.1145/800076.802463},
 acmid = {802463},
 publisher = {ACM},
 address = {New York, NY, USA},
}

@inproceedings{zadok,
  author    = {Erez Zadok and
               Jeffrey Osborn and
               Ariye Shater and
               Charles P. Wright and
               Kiran{-}Kumar Muniswamy{-}Reddy and
               Jason Nieh},
  title     = {Reducing Storage Management Costs via Informed User-Based Policies},
  booktitle = {21st {IEEE} Conference on Mass Storage Systems and Technologies /
               12th {NASA} Goddard Conference on Mass Storage Systems and Technologies,
               Greenbelt, Maryland, USA, April 13-16, 2004.},
  pages     = {193--197},
  year      = {2004},
  crossref  = {DBLP:conf/mss/2004},
  url       = {http://storageconference.org/nasa/conf2004/Papers/MSST2004-21-Zadok-a.pdf},
  timestamp = {Wed, 28 Apr 2010 20:34:36 +0200},
  biburl    = {http://dblp.uni-trier.de/rec/bib/conf/mss/ZadokOSWMN04},
  bibsource = {dblp computer science bibliography, http://dblp.org}
}
@proceedings{DBLP:conf/mss/2004,
  editor    = {Ben Kobler and
               P. C. Hariharan},
  title     = {21st {IEEE} Conference on Mass Storage Systems and Technologies /
               12th {NASA} Goddard Conference on Mass Storage Systems and Technologies,
               Greenbelt, Maryland, USA, April 13-16, 2004},
  publisher = {{IEEE}},
  year      = {2004},
  timestamp = {Tue, 13 Jan 2009 10:27:15 +0100},
  biburl    = {http://dblp.uni-trier.de/rec/bib/conf/mss/2004},
  bibsource = {dblp computer science bibliography, http://dblp.org}
}

@inproceedings{sigurbjarnarson,
  author    = {Helgi Sigurbjarnarson and
               Petur Orri Ragnarsson and
               Ymir Vigfusson and
               Mahesh Balakrishnan},
  title     = {Harmonium: Elastic Cloud Storage via File Motifs},
  booktitle = {6th {USENIX} Workshop on Hot Topics in Cloud Computing, HotCloud '14,
               Philadelphia, PA, USA, June 17-18, 2014.},
  year      = {2014},
  crossref  = {DBLP:conf/hotcloud/2014},
  url       = {https://www.usenix.org/conference/hotstorage14/workshop-program/presentation/sigurbjarnarson},
  timestamp = {Thu, 11 Sep 2014 17:33:53 +0200},
  biburl    = {http://dblp.uni-trier.de/rec/bib/conf/hotcloud/SigurbjarnarsonRVB14},
  bibsource = {dblp computer science bibliography, http://dblp.org}
}
@proceedings{DBLP:conf/hotcloud/2014,
  editor    = {Michael A. Kozuch and
               Minlan Yu},
  title     = {6th {USENIX} Workshop on Hot Topics in Storage and File Systems, HotStorage '14,
               Philadelphia, PA, USA, June 17-18, 2014},
  publisher = {{USENIX} Association},
  year      = {2014},
  url       = {https://www.usenix.org/conference/hotcloud14},
}

@inproceedings {eidetic,
author = {David Devecsery and Michael Chow and Xianzheng Dou and Jason Flinn and Peter M. Chen},
title = {Eidetic Systems},
booktitle = {11th USENIX Symposium on Operating Systems Design and Implementation (OSDI 14)},
year = {2014},
month = Oct,
isbn = { 978-1-931971-16-4},
address = {Broomfield, CO},
pages = {525--540},
url = {https://www.usenix.org/conference/osdi14/technical-sessions/presentation/devecsery},
publisher = {USENIX Association},
}

@inproceedings{Santry:1999:DFE:319151.319159,
 author = {Santry, Douglas S. and Feeley, Michael J. and Hutchinson, Norman C. and Veitch, Alistair C. and Carton, Ross W. and Ofir, Jacob},
 title = {Deciding when to Forget in the {Elephant} File System},
 booktitle = {Proceedings of the Seventeenth ACM Symposium on Operating Systems Principles},
 series = {SOSP '99},
 year = {1999},
 isbn = {1-58113-140-2},
 location = {Charleston, South Carolina, USA},
 pages = {110--123},
 numpages = {14},
 url = {http://doi.acm.org/10.1145/319151.319159},
 doi = {10.1145/319151.319159},
 acmid = {319159},
 publisher = {ACM},
 address = {New York, NY, USA},
} 

@inproceedings{ori,
 author = {Mashtizadeh, Ali Jos{\'e} and Bittau, Andrea and Huang, Yifeng Frank and Mazi\`{e}res, David},
 title = {Replication, History, and Grafting in the {Ori} File System},
 booktitle = {Proceedings of the Twenty-Fourth ACM Symposium on Operating Systems Principles},
 series = {SOSP '13},
 year = {2013},
 isbn = {978-1-4503-2388-8},
 location = {Farminton, Pennsylvania},
 pages = {151--166},
 numpages = {16},
 url = {http://doi.acm.org/10.1145/2517349.2522721},
 doi = {10.1145/2517349.2522721},
 acmid = {2522721},
 publisher = {ACM},
 address = {New York, NY, USA},
} 

@inproceedings{camp,
 author = {Ghandeharizadeh, Shahram and Irani, Sandy and Lam, Jenny and Yap, Jason},
 title = {{CAMP}: A Cost Adaptive Multi-queue Eviction Policy for Key-value Stores},
 booktitle = {Proceedings of the 15th International Middleware Conference},
 series = {Middleware '14},
 year = {2014},
 isbn = {978-1-4503-2785-5},
 location = {Bordeaux, France},
 pages = {289--300},
 numpages = {12},
 url = {http://doi.acm.org/10.1145/2663165.2663317},
 doi = {10.1145/2663165.2663317},
 acmid = {2663317},
 publisher = {ACM},
 address = {New York, NY, USA},
 keywords = {cache replacement, key-value stores, performance},
} 

@inproceedings{dropbox,
 author = {Drago, Idilio and Mellia, Marco and M. Munafo, Maurizio and Sperotto, Anna and Sadre, Ramin and Pras, Aiko},
 title = {Inside {Dropbox}: Understanding Personal Cloud Storage Services},
 booktitle = {Proceedings of the 2012 ACM Conference on Internet Measurement Conference},
 series = {IMC '12},
 year = {2012},
 isbn = {978-1-4503-1705-4},
 location = {Boston, Massachusetts, USA},
 pages = {481--494},
 numpages = {14},
 url = {http://doi.acm.org/10.1145/2398776.2398827},
 doi = {10.1145/2398776.2398827},
 acmid = {2398827},
 publisher = {ACM},
 address = {New York, NY, USA},
 keywords = {cloud storage, dropbox, internet measurement},
} 


@inproceedings{landfill,
author={Ragib Hasan and Randal Burns},
title={The Life and Death of Unwanted Bits: Towards Proactive Waste Data Management in Digital Ecosystems}, 
booktitle={Proceedings of the 3rd International Conference on Innovative Computing Technology (INTECH)},
location={London},
year=2013,
month={August}
}

@inproceedings{clements2009,
 author = {Clements, Austin T. and Ahmad, Irfan and Vilayannur, Murali and Li, Jinyuan},
 title = {Decentralized Deduplication in {SAN} Cluster File Systems},
 booktitle = {Proceedings of the 2009 Conference on USENIX Annual Technical Conference},
 series = {USENIX'09},
 year = {2009},
 location = {San Diego, California},
 pages = {8--8},
 numpages = {1},
 url = {http://dl.acm.org/citation.cfm?id=1855807.1855815},
 acmid = {1855815},
 publisher = {USENIX Association},
 address = {Berkeley, CA, USA},
} 


@article{christen2012,
 author = {Christen, Peter},
 title = {A Survey of Indexing Techniques for Scalable Record Linkage and Deduplication},
 journal = {IEEE Trans. on Knowl. and Data Eng.},
 issue_date = {September 2012},
 volume = {24},
 number = {9},
 month = sep,
 year = {2012},
 issn = {1041-4347},
 pages = {1537--1555},
 numpages = {19},
 url = {http://dx.doi.org/10.1109/TKDE.2011.127},
 doi = {10.1109/TKDE.2011.127},
 acmid = {2361230},
 publisher = {IEEE Educational Activities Department},
 address = {Piscataway, NJ, USA},
 keywords = {Couplings,Indexing,Cleaning,Encoding,Complexity theory,scalability,Data linkage,data matching,entity resolution,index techniques,blocking,experimental evaluation},
}


@inproceedings{ungureanu2010,
 author = {Ungureanu, Cristian and Atkin, Benjamin and Aranya, Akshat and Gokhale, Salil and Rago, Stephen and Calkowski, Grzegorz and Dubnicki, Cezary and Bohra, Aniruddha},
 title = {{HydraFS}: A High-throughput File System for the {HYDRAstor} Content-addressable Storage System},
 booktitle = {Proceedings of the 8th USENIX Conference on File and Storage Technologies},
 series = {FAST'10},
 year = {2010},
 location = {San Jose, California},
 pages = {17--17},
 numpages = {1},
 url = {http://dl.acm.org/citation.cfm?id=1855511.1855528},
 acmid = {1855528},
 publisher = {USENIX Association},
 address = {Berkeley, CA, USA},
} 

@inproceedings{elephant,
 author = {Santry, Douglas S. and Feeley, Michael J. and Hutchinson, Norman C. and Veitch, Alistair C. and Carton, Ross W. and Ofir, Jacob},
 title = {Deciding when to Forget in the {Elephant} File System},
 booktitle = {Proceedings of the Seventeenth ACM Symposium on Operating Systems Principles},
 series = {SOSP '99},
 year = {1999},
 isbn = {1-58113-140-2},
 location = {Charleston, South Carolina, USA},
 pages = {110--123},
 numpages = {14},
 url = {http://doi.acm.org/10.1145/319151.319159},
 doi = {10.1145/319151.319159},
 acmid = {319159},
 publisher = {ACM},
 address = {New York, NY, USA},
} 
@inproceedings{cimbiosys,
 author = {Ramasubramanian, Venugopalan and Rodeheffer, Thomas L. and Terry, Douglas B. and Walraed-Sullivan, Meg and Wobber, Ted and Marshall, Catherine C. and Vahdat, Amin},
 title = {{Cimbiosys}: A Platform for Content-based Partial Replication},
 booktitle = {Proceedings of the 6th USENIX Symposium on Networked Systems Design and Implementation},
 series = {NSDI'09},
 year = {2009},
 location = {Boston, Massachusetts},
 pages = {261--276},
 numpages = {16},
 url = {http://dl.acm.org/citation.cfm?id=1558977.1558995},
 acmid = {1558995},
 publisher = {USENIX Association},
 address = {Berkeley, CA, USA},
} 

@misc{thrift,
author={{Apache Foundation}},
title={Apache Thrift Framework},
howpublished={\url{https://thrift.apache.org/}},
year=2015
}

@misc{leveldb,
author={{Jeffrey Dean, Sanjay Ghemawat}},
title={{LevelDB} on-disk key-value store},
year=2011,
howpublished={\url{https://github.com/google/leveldb}},
}

@inproceedings{ext4,
  title={The new ext4 filesystem: current status and future plans},
  author={Mathur, Avantika and Cao, Mingming and Bhattacharya, Suparna and Dilger, Andreas and Tomas, Alex and Vivier, Laurent},
  booktitle={Proceedings of the Linux Symposium},
  volume={2},
  pages={21--33},
  year={2007},
}

@inproceedings{filebench,
  title={The new and improved {FileBench}},
  author={Wilson, Andrew},
  booktitle={Proceedings of 6th USENIX Conference on File and Storage Technologies},
  year={2008}
}

@article{knapsack,
  title={There is no EPTAS for two-dimensional knapsack},
  author={Kulik, Ariel and Shachnai, Hadas},
  journal={Information Processing Letters},
  volume={110},
  number={16},
  pages={707--710},
  year={2010},
  publisher={Elsevier}
}


