@inproceedings{kashyap2006fast,
  title={Fast reconfiguration of data placement in parallel disks},
  author={Kashyap, S. and Khuller, S. and Wan, Y.C.J. and Golubchik, L.},
  booktitle={Proceedings of the Workshop on Algorithm Engineering and Experiments (ALENEX)},
  pages={95--107},
  year={2006}
}
@book{hyvarinen2004independent,
  title={Independent component analysis},
  author={Hyv{\"a}rinen, Aapo and Karhunen, Juha and Oja, Erkki},
  volume={46},
  year={2004},
  publisher={John Wiley \& Sons}
}
@article{vigario2000independent,
  title={Independent component approach to the analysis of EEG and MEG recordings},
  author={Vig{\'a}rio, Ricardo and Sarela, Jaakko and Jousmiki, V and Hamalainen, Matti and Oja, Erkki},
  journal={IEEE transactions on biomedical engineering},
  volume={47},
  number={5},
  pages={589--593},
  year={2000},
  publisher={IEEE}
}

@article{eraid,
  title={eRAID: Conserving energy in conventional disk-based RAID system},
  author={Wang, J. and Zhu, H. and Li, D.},
  journal={IEEE Transactions on Computers},
  pages={359--374},
  year={2007},
  publisher={Published by the IEEE Computer Society}
}
@article{iclust,
   author = {{Slonim}, N. and {Singh Atwal}, G. and {Tkacik}, G. and {Bialek}, W.
  },
    title = "{Information-based clustering}",
  journal = {Proceedings of the National Academy of Science},
     year = 2005,
    month = dec,
   volume = 1021,
    pages = {18297-18302}
}
@article{zaman2009glucose,
  title={Glucose regulates transcription in yeast through a network of signaling pathways},
  author={Zaman, S. and Lippman, S.I. and Schneper, L. and Slonim, N. and Broach, J.R.},
  journal={Molecular Systems Biology},
  volume={5},
  number={1},
  year={2009},
  publisher={Nature Publishing Group}
}

@inproceedings{ganesh2007optimizing,
  title={Optimizing power consumption in large scale storage systems},
  author={Ganesh, L. and Weatherspoon, H. and Balakrishnan, M. and Birman, K.},
  booktitle={Proceedings of the 11th USENIX workshop on Hot topics in operating systems},
  pages={9},
  year={2007},
  organization={USENIX Association}
}

@article{barroso2007case,
  title={The case for energy-proportional computing},
  author={Barroso, L.A. and Holzle, U.},
  journal={Computer},
  volume={40},
  number={12},
  pages={33--37},
  year={2007},
  publisher={IEEE}
}

@inproceedings{spin-up-saved,
  title={A spin-up saved is energy earned: achieving power-efficient, erasure-coded storage},
  author={Greenan, K.M. and Long, D.D.E. and Miller, E.L. and Schwarz, SJ and Wylie, J.J.},
  booktitle={Proceedings of the Fourth conference on Hot topics in system dependability},
  pages={4--4},
  year={2008},
  organization={USENIX Association}
}

@inproceedings{greenan2007disaster,
  title={Disaster recovery codes: increasing reliability with large-stripe erasure correcting codes},
  author={Greenan, K.M. and Miller, E.L. and Schwarz, T.J.E. and Long, D.D.E.},
  booktitle={Proceedings of the 2007 ACM workshop on Storage security and survivability},
  pages={31--36},
  year={2007},
  organization={ACM}
}

@inproceedings{amur2010robust,
  title={Robust and flexible power-proportional storage},
  author={Amur, H. and Cipar, J. and Gupta, V. and Ganger, G.R. and Kozuch, M.A. and Schwan, K.},
  booktitle={Proceedings of the 1st ACM symposium on Cloud computing},
  pages={217--228},
  year={2010},
  organization={ACM}
}

@inproceedings{lamehamedi2003simulation,
  title={Simulation of dynamic data replication strategies in data grids},
  author={Lamehamedi, H. and Shentu, Z. and Szymanski, B. and Deelman, E.},
  booktitle={Parallel and Distributed Processing Symposium, 2003. Proceedings. International},
  pages={10--pp},
  year={2003},
  organization={IEEE}
}

@inproceedings{cheng2010concentric,
  title={Concentric Layout, a new scientific data distribution scheme in Hadoop file system},
  author={Cheng, L. and Shang, P. and Sehrish, S. and Mackey, G. and Wang, J.},
  booktitle={2010 Fifth International Conference on Networking, Architecture, and Storage},
  pages={231--239},
  year={2010},
  organization={IEEE}
}

@inproceedings{avani-systor,
  title={Efficiently identifying working sets in block I/O streams},
  author={Wildani, A. and Miller, E.L. and Ward, L.},
  booktitle={Proceedings of the 4th Annual International Conference on Systems and Storage},
  pages={5},
  year={2011},
}

@inproceedings{mandagere2008demystifying,
  title={Demystifying data deduplication},
  author={Mandagere, N. and Zhou, P. and Smith, M.A. and Uttamchandani, S.},
  booktitle={Proceedings of the ACM/IFIP/USENIX Middleware'08 Conference Companion},
  pages={12--17},
  year={2008},
  organization={ACM}
}

@article{bollacker2010avoiding,
  title={Avoiding a Digital Dark Age Data longevity depends on both the storage medium and the ability to decipher the information},
  author={Bollacker, K.D.},
  journal={American Scientist},
  volume={98},
  number={2},
  pages={106},
  year={2010}
}

@article{koller2010deduplication,
  title={I/O deduplication: utilizing content similarity to improve I/O performance},
  author={Koller, R. and Rangaswami, R.},
  journal={ACM Transactions on Storage (TOS)},
  volume={6},
  number={3},
  pages={1--26},
  year={2010},
  publisher={ACM}
}

@techreport{iansfuturepaper,
  author       = {Ian Adams and Ethan L. Miller and Mark W. Storer},
  title        = {Analysis of Workload Behavior in Scientific and Historical Long-Term Data
Repositories},
  institution  = {University of California, Santa Cruz},
  number       = {UCSC-SSRC-11-01},
  month        = mar,
  year         = {2011},
}

@inproceedings{bloom,
  title={A study of practical deduplication},
  author={Meyer, D.T. and Bolosky, W.J.},
  booktitle={FAST'11: Proceedings of the 9th Conference on File and Storage Technologies},
  year={2011}
}

@inproceedings{keren,
  author       = {K. Jin and E. L. Miller},
  title        = {The Effectiveness of Deduplication on Virtual Machine Disk Images},
  booktitle = {Proceedings of SYSTOR 2009: The Israeli Experimental Systems Conference},
  month        = may,
  year         = {2009},
}

@article{weka,
  title={The WEKA data mining software: an update},
  author={Hall, M. and Frank, E. and Holmes, G. and Pfahringer, B. and Reutemann, P. and Witten, I.H.},
  journal={ACM SIGKDD Explorations Newsletter},
  volume={11},
  number={1},
  pages={10--18},
  year={2009},
  publisher={ACM}
}

@inproceedings{extreme-binning,
  title={Extreme binning: Scalable, parallel deduplication for chunk-based file backup},
  author={Bhagwat, D. and Eshghi, K. and Long, D.D.E. and Lillibridge, M.},
  booktitle={Modeling, Analysis \& Simulation of Computer and Telecommunication Systems, 2009. MASCOTS'09. IEEE International Symposium on},
  pages={1--9},
  year={2009},
  organization={IEEE}
}

@article{kryder2009,
  title={After Hard Drives - What Comes Next?},
  author={Kryder, M.H. and Kim, C.S.},
  journal={Magnetics, IEEE Transactions on},
  volume={45},
  number={10},
  pages={3406--3413},
  year={2009},
  publisher={IEEE}
}

@article{magurran2004measuring,
  title={Measuring biological diversity},
  author={Magurran, A.E.},
  year={2004},
  publisher={Taylor \& Francis}
}

@inproceedings{salmon,
  title={A Two-Tiered Software Architecture for Automated Tuning of Disk Layouts},
  author={Brandon Salmon and Eno Thereska and Craig A. N. Soules and Gregory R. Ganger},
  booktitle={First Workshop on Algorithms and Architectures for Self-Managing Systems},
  year={2003}
}

@article{pnuts,
  title={PNUTS: Yahoo!'s hosted data serving platform},
  author={Cooper, B.F. and Ramakrishnan, R. and Srivastava, U. and Silberstein, A. and Bohannon, P. and Jacobsen, H.A. and Puz, N. and Weaver, D. and Yerneni, R.},
  journal={Proceedings of the VLDB Endowment},
  volume={1},
  number={2},
  pages={1277--1288},
  year={2008},
  publisher={VLDB Endowment}
}

@inproceedings{mascots,
  title={Protecting against rare event failures in archival systems},
  author={Wildani, A. and Schwarz, T.J.E. and Miller, E.L. and Long, D.D.E.},
  booktitle={Modeling, Analysis \& Simulation of Computer and Telecommunication Systems, 2009. MASCOTS'09. IEEE International Symposium on},
  pages={1--11},
  year={2009},
  organization={IEEE}
}

@inproceedings{sun2009data,
  title={Data layout optimization for petascale file systems},
  author={Sun, X.H. and Chen, Y. and Yin, Y.},
  booktitle={Proceedings of the 4th Annual Workshop on Petascale Data Storage},
  pages={11--15},
  year={2009},
  organization={ACM}
}

@inproceedings{profs,
  title={PROFS-performance-oriented data reorganization for log-structured file system on multi-zone disks},
  author={Wang, J. and Hu, Y.},
  booktitle={mascots},
  pages={0285},
  year={2001},
  organization={Published by the IEEE Computer Society}
}

@inproceedings{constantopoulos,
  title={Reliability modelling for long term digital preservation},
  author={Constantopoulos, P. and Doerr, M. and Petraki, M.},
  booktitle={9th DELOS Network of Excellence thematic workshop ``Digital
    Repositories: Interoperability and Common Services'', Foundation for Research and Technology-Hellas (FORTH)},
  year={2005},
  organization={Citeseer}
}

@inproceedings{schroeder-understanding,
  title={Understanding failures in petascale computers},
  author={Schroeder, B. and Gibson, G.A.},
  booktitle={Journal of Physics: Conference Series},
  volume={78},
  pages={012022},
  year={2007},
  organization={IOP Publishing}
}

@article{schroeder-latent,
 author = {Schroeder, Bianca and Damouras, Sotirios and Gill, Phillipa},
 title = {Understanding latent sector errors and how to protect against them},
 journal = {Trans. Storage},
 issue_date = {September 2010},
 volume = {6},
 number = {3},
 month = sep,
 year = {2010},
 issn = {1553-3077},
 pages = {9:1--9:23},
 articleno = {9},
 numpages = {23},
 url = {http://doi.acm.org/10.1145/1837915.1837917},
 doi = {10.1145/1837915.1837917},
 acmid = {1837917},
 publisher = {ACM},
 address = {New York, NY, USA},
 keywords = {Latent sector errors, data loss, failure data, failure modeling, field data, parity, redundancy, scrubbing, storage reliability},
} 


@inproceedings{satzger,
  title={A new adaptive accrual failure detector for dependable distributed systems},
  author={Satzger, B. and Pietzowski, A. and Trumler, W. and Ungerer, T.},
  booktitle={Proceedings of the 2007 ACM symposium on Applied computing},
  pages={551--555},
  year={2007},
  organization={ACM}
}

@inproceedings{gupta-scalable,
  title={On scalable and efficient distributed failure detectors},
  author={Gupta, I. and Chandra, T.D. and Goldszmidt, G.S.},
  booktitle={Proceedings of the twentieth annual ACM symposium on Principles of distributed computing},
  pages={170--179},
  year={2001},
  organization={ACM}
}

@article{leventhal2009triple,
  title={Triple-parity RAID and beyond},
  author={Leventhal, A.},
  journal={Queue},
  volume={7},
  number={11},
  pages={30},
  year={2009},
  publisher={ACM}
}
