%% This BibTeX bibliography file was created using BibDesk.
%% http://bibdesk.sourceforge.net/


%% Created for Ian Adams at 2015-03-30 20:43:33 -0700 


%% Saved with string encoding Unicode (UTF-8) 


@comment{This paper provides a detailed breakdown of the properties of photos pulled from different storage tiers, and shows that over time the accesses decrease exponentially but do happen.  This has also been verbally confirmed with someone from facebook; need to look up cite}



@misc{robinson,
	Date-Added = {2015-03-31 03:07:56 +0000},
	Date-Modified = {2015-03-31 03:43:33 +0000},
	Month = {Jan},
	Title = {K-means clustering is not a free
    lunch~\url{http://varianceexplained.org/r/kmeans-free-lunch/}},
	url = {~\url{http://varianceexplained.org/r/kmeans-free-lunch/}},
	Year = {2015},
	Bdsk-Url-1 = {http://varianceexplained.org/r/kmeans-free-lunch/}}

@techreport{pagerank,
	Author = {Lawrence Page and Sergey Brin and Rajeev Motwani and Terry Winograd},
	Booktitle = {SIDL-WP-1999-0120},
	Date-Added = {2015-03-31 02:53:56 +0000},
	Date-Modified = {2015-03-31 02:56:41 +0000},
	Institution = {Stanford},
	Title = {The PageRank Citation Ranking: Bringing Order to the Web},
	Year = {1999}}

@inproceedings{char_local,
	Author = {Ludmilla Cherkasova and Minaxi Gupta},
	Booktitle = {Proc. of NOSSDAV '02},
	Date-Added = {2015-03-31 02:49:50 +0000},
	Date-Modified = {2015-03-31 02:50:45 +0000},
	Title = {Characterizing locality, evolution, and life span of accesses in enterprise media server workloads},
	Year = {2002}}

@inproceedings{TK_ALMADEN,
	Author = {Cornel Constantinescu and Joseph S. Glider and David D. Chambliss},
	Booktitle = {Proc. DCC '11},
	Date-Added = {2015-03-31 02:47:20 +0000},
	Date-Modified = {2015-03-31 02:49:18 +0000},
	Title = {Mixing Deduplication and Compression on Active Data Sets},
	Year = {2011}}

@inproceedings{hands,
	Author = {Avani Wildani and Ethan L. Miller and Ohad Rodeh},
	Booktitle = {Proc of ICDE '13},
	Date-Added = {2015-03-31 02:39:48 +0000},
	Date-Modified = {2015-03-31 02:42:05 +0000},
	Title = {HANDS: A Heuristically Arranged Non-Backup In-line Deduplication System},
	Year = {2013}}

@inproceedings{hpcpower,
	Author = {Chung-Hsing Hsu and Wu-Chun Feng},
	Booktitle = {Proc. of SC '05},
	Date-Added = {2015-03-31 02:37:06 +0000},
	Date-Modified = {2015-03-31 02:38:57 +0000},
	Title = {A Power-Aware Run-Time System for High-Performance Computing}}

@inproceedings{deepstore,
	Author = {Lawrence You and Kristal Pollack and Darrell {D. E}. Long},
	Booktitle = {Proc. of ICDE '05},
	Date-Added = {2015-03-31 02:31:42 +0000},
	Date-Modified = {2015-03-31 02:32:29 +0000},
	Title = {Deep Store: An Archival Storage System Architecture},
	Year = {2005}}

@inproceedings{venti,
	Author = {Sean Quinlan and Sean Dorward},
	Booktitle = {Proc. of FAST '02},
	Date-Added = {2015-03-31 02:29:33 +0000},
	Date-Modified = {2015-03-31 02:30:19 +0000},
	Title = {Venti: a new approach to archival storage},
	Year = {2002}}

@inproceedings{storerfast2008,
	Author = {Mark W. Storer and Kevin Greenan and Ethan L. Miller and Kaladhar Voruganti},
	Booktitle = {Proc. of FAST '08},
	Date-Added = {2015-03-31 02:27:35 +0000},
	Date-Modified = {2015-03-31 02:29:27 +0000},
	Title = {Pergamum: Replacing Tape with Energy Efficient, Reliable, Disk-Based Archival Storage},
	Year = {2008}}

@inproceedings{static,
	Author = {Avani Wildani and Ian F. Adams and Ethan L. Miller},
	Booktitle = {Proc. of MASCOTS 2013},
	Date-Modified = {2015-03-31 03:10:15 +0000},
	Month = aug,
	Title = {Single-Snapshot File System Analysis},
	Year = {2013}}

@article{ian-tos,
	Author = {Ian F. Adams and Mark W. Storer and Ethan L. Miller},
	Date-Modified = {2015-03-31 03:11:03 +0000},
	Journal = {ACM (TOS)},
	Number = {2},
	Pages = {6},
	Publisher = {ACM},
	Title = {Analysis of workload behavior in scientific and historical long-term data repositories},
	Volume = {8},
	Year = {2012}}

@inproceedings{facebook-photocache-SOSP,
	Author = {Qi Huang and Ken Birman and Robbert van Renesse and Wyatt Lloyd and Sanjeev Kumar and Harry C. Li},
	Booktitle = {Proc. of SOSP '13},
	Date-Modified = {2015-03-31 03:38:30 +0000},
	Publisher = {ACM},
	Series = {SOSP '13},
	Title = {An Analysis of Facebook Photo Caching}}

@inproceedings{chen-kmeans,
	Author = {Chen, Yanpei and Srinivasan, Kiran and Goodson, Garth and Katz, Randy},
	Booktitle = {Proc of SOSP '11},
	Date-Modified = {2015-03-31 03:40:40 +0000},
	Title = {Design Implications for Enterprise Storage Systems via Multi-dimensional Trace Analysis},
	Year = {2011},
	Bdsk-Url-1 = {http://doi.acm.org/10.1145/2043556.2043562},
	Bdsk-Url-2 = {http://dx.doi.org/10.1145/2043556.2043562}}

@inproceedings{powers,
	Author = {Rob Powers and Moises Goldszmidt and Ira Cohen},
	Booktitle = {Proc. of SIGKDD '05},
	Date-Modified = {2015-03-31 03:42:16 +0000},
	Title = {Short Term Performance Forecasting in Enterprise Systems},
	Bdsk-Url-1 = {http://doi.acm.org/10.1145/1081870.1081976},
	Bdsk-Url-2 = {http://dx.doi.org/10.1145/1081870.1081976}}

@article{fiu-dedup,
	Author = {Koller, Ricardo and Rangaswami, Raju},
	Date-Modified = {2015-03-31 03:41:15 +0000},
	Journal = {ACM TOS},
	Number = {3},
	Pages = {13},
	Publisher = {ACM},
	Title = {I/O deduplication: Utilizing content similarity to improve I/O performance},
	Volume = {6},
	Year = {2010}}

@article{dayal,
	Author = {Dayal, Shobhit},
	Date-Modified = {2015-03-31 03:39:10 +0000},
	Journal = {Parallel Data Lab, CMU},
	Title = {Characterizing HEC storage systems at rest},
	Year = {2008}}

@article{lanlhpc,
	Author = {Adams, Ian F and Storer, Mark W and Miller, Ethan L},
	Journal = {ACM Transactions on Storage (TOS)},
	Number = {2},
	Pages = {6},
	Publisher = {ACM},
	Title = {Analysis of workload behavior in scientific and historical long-term data repositories},
	Volume = {8},
	Year = {2012}}

@inproceedings{LLNL03,
	Author = {Feng Wang and Qin Xin and Bo Hong and Scott A. Brandt and Ethan L. Miller and Darrell D. E. Long and Tyce T. Mclarty},
	Booktitle = {Proc. of MSST '04},
	Date-Modified = {2015-03-31 03:40:59 +0000},
	Title = {File System Workload Analysis For Large Scientific Computing Applications}}

@inproceedings{ellard,
	Author = {Ellard, Daniel and Ledlie, Jonathan and Malkani, Pia and Seltzer, Margo},
	Booktitle = {Proc. of FAST '03},
	Date-Modified = {2015-03-31 03:41:32 +0000},
	Organization = {USENIX Association},
	Pages = {15--15},
	Title = {Passive NFS tracing of email and research workloads},
	Year = {2003}}

@inproceedings{roselli,
	Author = {Roselli, Drew S and Lorch, Jacob R and Anderson, Thomas E and others},
	Booktitle = {USENIX '00},
	Date-Modified = {2015-03-31 03:38:17 +0000},
	Pages = {41--54},
	Title = {A Comparison of File System Workloads.}}

@article{narayanan2008write,
	Author = {Narayanan, Dushyanth and Donnelly, Austin and Rowstron, Antony},
	Date-Modified = {2015-03-31 03:42:41 +0000},
	Journal = {ACM  TOS},
	Number = {3},
	Pages = {10},
	Publisher = {ACM},
	Title = {Write off-loading: Practical power management for enterprise storage},
	Volume = {4},
	Year = {2008}}

@article{iyengar,
	Author = {Iyengar, Arun K and Squillante, Mark S and Zhang, Li},
	Date-Modified = {2015-03-31 03:38:40 +0000},
	Journal = {World Wide Web},
	Publisher = {Springer},
	Title = {Analysis and characterization of large-scale Web server access patterns and performance},
	Year = {1999}}
