@conference{rybczynski,
  title={{Adapting predictions and workloads for power management}},
  author={Rybczynski, J.P. and Long, D.D.E. and Amer, A.},
  booktitle={MASCOTS 2006},
  pages={3--12},
  year={2006}
}

@inproceedings{lorie_2001,
 author = {Lorie, R. A.},
 title = {Long term preservation of digital information},
 booktitle = {Proceedings of the 1st ACM/IEEE-CS joint conference on Digital libraries},
 series = {JCDL '01},
 year = {2001},
 isbn = {1-58113-345-6},
 location = {Roanoke, Virginia, United States},
 pages = {346--352},
 numpages = {7},
 acmid = {379726},
 publisher = {ACM},
 address = {New York, NY, USA}
}
@comment{Discusses how data must be migrated to new formats to handle data rot and loss of format readability.  Also says that programs should be stored as low level machine instructions that will help translate the program to modern hardware.}


@article{essary,
 author={Essary, D. and Amer, A.},
 title = {Predictive data grouping: Defining the bounds of energy and latency reduction through predictive data grouping and replication},
 journal = {Trans. Storage},
 volume = {4},
 number = {1},
 year = {2008},
 issn = {1553-3077},
 pages = {1--23},
 publisher = {ACM},
 address = {New York, NY, USA}
 }

@article{neuro1,
  title={{The Interpretation of Semantic Category-specific Deficits: What do they reveal about the organization of conceptual knowledge in the brain?}},
  author={Caramazza, A.},
  journal={Neurocase},
  volume={4},
  number={4},
  pages={265--272},
  year={1998},
  publisher={Psychology Press}
}
@article{neuro2,
  title={{Two functional components of the hippocampal memory system}},
  author={Eichenbaum, H. and Otto, T. and Cohen, N.J.},
  journal={Behavioral and Brain Sciences},
  volume={17},
  number={03},
  pages={449--472},
  year={2010},
  publisher={Cambridge University Press}
}

@article{neuro3,
  title={{The mind and brain of short-term memory.}},
  author={Jonides, J. and Lewis, RL and Nee, DE and Lustig, CA and Berman, MG and Moore, KS},
  journal={Annual review of psychology},
  volume={59},
  pages={193},
  year={2008}
}

@article{van-statistical,
  title={{Statistical analysis of pageviews on web sites}},
  author={van Gelder, P. and Beijer, G. and Berger, M.},
  journal={Information and Communication Technologies},
  volume={28},
  year={2002}
}

@article{gantz2008diverse,
  title={{The diverse and exploding digital universe: An updated forecast of worldwide information growth through 2011}},
  author={Gantz, J.F. and Chute, C. and Manfrediz, A. and Minton, S. and Reinsel, D. and Schlichting, W. and Toncheva, A.},
  journal={IDC white paper},
  year={2008}
}

@article{matsunaga-grid,
  title={{Grid Operation at Tokyo Tier-2 Centre for ATLAS}},
  author={Matsunaga, H. and Isobe, T. and Mashimo, T. and Sakamoto, H. and Ueda, I.},
  journal={Production Grids in Asia},
  pages={29--40},
}

@inproceedings{Tax03onlinesvm,
    author = {David M. J. Tax and Pavel Laskov},
    title = {Online SVM Learning: From Classification to Data Description and Back},
    booktitle = {Proc. Neural Network and Signal Processing},
    year = {2003},
    pages = {499--508}
}

@inproceedings{hpc-on,
 author = {Carrera, E. V. and Pinheiro, E. and Bianchini, R.},
 title = {Conserving disk energy in network servers},
 booktitle = {ICS '03},
 year = {2003},
 pages = {86--97},
 }

@conference{pinheiro2004energy,
  title={{Energy conservation techniques for disk array-based servers}},
  author={Pinheiro, E. and Bianchini, R.},
  booktitle={ICS '04},
  pages={68--78},
  year={2004},
  organization={ACM}
}

@conference{larkby-lahet,
  title={{STEP: Self-Tuning Energy-safe Predictors}},
  author={Larkby-Lahet, J. and Santhanakrishnan, G. and Amer, A. and Chrysanthis, P.K.},
  booktitle={Proc. of the 6th international conference on Mobile data management},
  pages={133},
  year={2005},
  organization={ACM}
}

@article{write-offloading,
  title={{Write off-loading: Practical power management for enterprise storage}},
  author={Narayanan, D. and Donnelly, A. and Rowstron, A.},
  journal={ACM TOS '08},
  volume={4},
  number={3},
  pages={1--23},
  year={2008},
  publisher={ACM}
}

@article{douglis1995adaptive,
  title={{Adaptive disk spin-down policies for mobile computers}},
  author={Douglis, F. and Krishnan, P. and Bershad, B.},
  journal={Computing Systems},
  volume={8},
  number={4},
  pages={381--413},
  year={1995}
}

@book{mlbook,
    author = {Duda, R.O. and Hart, P.E. and Stork, D.G.},
    edition = {2},
    publisher = {Wiley-Interscience},
    title = {Pattern Classification (2nd Edition)},
    year = {2000}
}

@inproceedings{amer-ipccc2003,
  Address = {Phoenix, AZ},
  Author = {Amer, A. and Luo, A. and Der, N. and Long, D.D.E. and Pang, A.},
  Booktitle = {IPCCC~2003},
  Title = {Visualizing Cache Effects on {I/O} Workload Predictability},
  Year = {2003}}


@conference{craven,
  title={{Predictive reduction of power and latency (purple)}},
  author={Craven, M. and Amer, A.},
  booktitle={MSST 2005},
  pages={237--244},
  year={2005}
}

@misc{skascope, 
  title={{SKA telescope to provide a billion PCs' worth of processing}},
  author={Lohman, T.},
  howpublished={Computerworld},
  year={2009},
  note={\url{http://www.computerworld.com.au/article/319128/ska_telescope_provide_billion_pcs_worth_processing_updated_/}}
} 
@misc{compete, 
  title={The Long Tail Internet Myth: Top 10 domains arenâ€™t shrinking},
  author={Mahoney, T.J.},
  howpublished={Compete Inc.},
  year={2006},
  note={\url{http://blog.compete.com/2006/12/19/long-%20tail-chris-anderson-top-10-domains/}}
} 

@misc{wd,
  title={Western Digital Caviar Green Specification Sheet},
  author={Western Digital},
  howpublished={Western Digital},
  year={2010},
  note={\url{http://www.wdc.com/wdproducts/library/?id=132&type=8}}}

@conference{sripanidkulchai,
  title={{An analysis of live streaming workloads on the internet}},
  author={Sripanidkulchai, K. and Maggs, B. and Zhang, H.},
  booktitle={ACM SIGCOMM conference on Internet measurement},
  pages={41--54},
  year={2004},
  organization={ACM}
}

@conference{breslau,
  title={{Web caching and Zipf-like distributions: Evidence and implications}},
  author={Breslau, L. and Cao, P. and Fan, L. and Phillips, G. and Shenker, S.},
  booktitle={IEEE INFOCOM'99},
  volume={1},
  year={1999}
}

@book{jurafsky2000speech,
  title={{Speech and language processing: an introduction to natural language processing, computational linguistics, and speech recognition}},
  author={Jurafsky, D. and Martin, J.H.},
  year={2000},
  edition={1st},
  publisher={Prentice Hall}
}

@article{cnet1,
	author={Urquhart, J.},
  title={Does the Fourth Amendment cover 'the cloud'?},
  note={\url{http://news.cnet.com/8301-19413_3-10436425-240.html}},
	year={2008}
}

@article{cnet2,
	author={McCullagh, D.},
	title={Why no one cares about privacy anymore},
	note={\url{http://news.cnet.com/8301-13578_3-20000336-38.html}},
	year={2010}
}

@article{staelin,
  title={{Clustering active disk data to improve disk performance}},
  author={Staelin, C. and Garcia-Molina, H.},
  journal={Princeton, NJ, USA, Tech. Rep. CS--TR--298--90},
  year={1990}
}

@article{helmbold2000adaptive,
  title={{Adaptive disk spin-down for mobile computers}},
  author={Helmbold, D.P. and Long, D.D.E. and Sconyers, T.L. and Sherrod, B.},
  journal={Mobile Networks and Applications},
  volume={5},
  number={4},
  pages={285--297},
  year={2000},
  publisher={Springer}
}

@inproceedings{apw,
  author       = {Parker-Wood, A. and Strong, C. and Miller, E.L. and Long, D.D.E.},
  title        = {Security Aware Partitioning for Efficient File System Search},
  howpublished = {MSST 2010},
  month        = may,
  year         = {2010}
}

@conference{amer,
  title={{File access prediction with adjustable accuracy}},
  author={Amer, A. and Long, D.D.E. and Paris, J.F. and Burns, R.C.},
  booktitle={IPCCC~2002},
  pages={131--140},
  year={2002},
  organization={IEEE Computer Society}
}

@conference{diskseen,
  title={{DiskSeen: exploiting disk layout and access history to enhance I/O prefetch}},
  author={Ding, X. and Jiang, S. and Chen, F. and Davis, K. and Zhang, X.},
  booktitle={2007 USENIX ATC},
  pages={1--14},
  year={2007},
  organization={USENIX Association}
}

@conference{ceph,
  title={{Ceph: a scalable, high-performance distributed file system}},
  author={Weil, S.A. and Brandt, S.A. and Miller, E.L. and Long, D.D.E. and Maltzahn, C.},
  booktitle={OSDI 2006},
  pages={320},
  year={2006},
  organization={USENIX Association}
}

@conference{pdc,
  title={{Energy conservation techniques for disk array-based servers}},
  author={Pinheiro, E. and Bianchini, R.},
  booktitle={ICS '04},
  pages={68--78},
  year={2004},
  organization={ACM}
}

@conference{gopi,
  title={{A 3-tier RAID storage system with RAID1, RAID5 and compressed RAID5 for Linux}},
  author={Gopinath, K. and Muppalaneni, N. and Kumar, N.S. and Risbood, P.},
  booktitle={2000 USENIX ATC},
  pages={30},
  year={2000},
  organization={USENIX Association}
}

@article{datagrid,
  title={{Data management in an international data grid project}},
  author={Hoschek, W. and Jaen-Martinez, J. and Samar, A. and Stockinger, H. and Stockinger, K.},
  journal={GRID 2000},
  pages={333--361},
  year={2000},
  publisher={Springer}
}

@conference{brahma,
  title={{BRAHMA: Planning Tool for Providing Storage Management as a Service}},
  author={Uttamchandani, S. and Voruganti, K. and Routray, R. and Yin, L. and Singh, A. and Yolken, B.},
  booktitle={Proceedings of the IEEE International Conference on Services Computing},
  pages={1--10},
  year={2007}
}

@article{dgraid,
  title={{Improving storage system availability with D-GRAID}},
  author={Sivathanu, M. and Prabhakaran, V. and Arpaci-Dusseau, A.C. and Arpaci-Dusseau, R.H.},
  journal={ACM TOS},
  volume={1},
  number={2},
  pages={133--170},
  year={2005},
  publisher={ACM}
}

@article{schroeder2010understanding,
  title={Understanding latent sector errors and how to protect against them},
  author={Schroeder, B. and Damouras, S. and Gill, P.},
  journal={ACM Transactions on Storage (TOS)},
  volume={6},
  number={3},
  pages={9},
  year={2010},
  publisher={ACM}
}

@article{arpaci-semantically,
  title={{Semantically-smart disk systems: past, present, and future}},
  author={Arpaci-Dusseau, A.C. and Arpaci-Dusseau, R.H. and Bairavasundaram, L.N. and Denehy, T.E. and Popovici, F.I. and Prabhakaran, V. and Sivathanu, M.},
  journal={ACM SIGMETRICS Performance Evaluation Review},
  volume={33},
  number={4},
  pages={35},
  year={2006},
  publisher={ACM}
}

@article{mickens,
  title={{Predicting node availability in peer-to-peer networks}},
  author={Mickens, J.W. and Noble, B.D.},
  journal={ACM SIGMETRICS Performance Evaluation Review},
  volume={33},
  number={1},
  pages={379},
  year={2005},
  publisher={ACM}
}

@conference{yinsmart,
  title={{SMART: an integrated multi-action advisor for storage systems}},
  author={Yin, L. and Uttamchandani, S. and Korupolu, M. and Voruganti, K. and Katz, R.},
  booktitle={2006 USENIX ATC},
  pages={229--242},
  year={2006}
}

@book{wylie1selecting,
  title={{Selecting the right data distribution scheme for a survivable storage system}},
  author={Wylie, J.J. and Bakkaloglu, M. and Pandurangan, V. and Bigrigg, M.W. and Oguz, S. and Tew, K. and Williams, C. and Ganger, G.R. and Khosla, P.K.},
  year={2001},
  publisher={School of Computer Science, Carnegie Mellon University}
}

@article{oceanstore,
  title={{Oceanstore: An architecture for global-scale persistent storage}},
  author={Kubiatowicz, J. and Bindel, D. and Chen, Y. and Czerwinski, S. and Eaton, P. and Geels, D. and Gummadi, R. and Rhea, S. and Weatherspoon, H. and Wells, C. and others},
  journal={ACM SIGARCH Computer Architecture News},
  volume={28},
  number={5},
  pages={190--201},
  year={2000},
  publisher={ACM}
}

@article{schroeder2010,
  title={{Understanding latent sector errors and how to protect against them}},
  author={Schroeder, B. and Damouras, S. and Gill, P.},
  journal={8th USENIX FAST},
  year={2010}
}

@conference{douglis1994thwarting,
  title={{Thwarting the power-hungry disk}},
  author={Douglis, F. and Krishnan, P. and Marsh, B.},
  booktitle={1994 USENIX ATC},
  pages={23},
  year={1994},
  organization={USENIX Association}
}

@conference{maid,
  title={{Massive arrays of idle disks for storage archives}},
  author={Colarelli, D. and Grunwald, D.},
  booktitle={Proceedings of the 2002 ACM/IEEE conference on Supercomputing},
  pages={11},
  year={2002},
  organization={IEEE Computer Society Press}
}

@book{pca,
  title={{Principal component analysis}},
  author={Jolliffe, IT},
  year={2002},
  publisher={Springer verlag}
}

@conference{svm,
  title={{Incremental and decremental support vector machine learning}},
  author={Cauwenberghs, G. and Poggio, T.},
  booktitle={Advances in neural information processing systems 13: proceedings of the 2000 conference},
  pages={409},
  year={2001},
  organization={The MIT Press}
}

@conference{pergamum,
  title={{Pergamum: Replacing tape with energy efficient, reliable, disk-based archival storage}},
  author={Storer, M.W. and Greenan, K.M. and Miller, E.L. and Voruganti, K.},
  booktitle={6th USENIX FAST},
  pages={1--16},
  year={2008},
  organization={USENIX Association}
}

@conference{bakertraditional,
  title={{Why traditional storage systems donâ€™t help us save stuff forever}},
  author={Baker, M. and Keeton, K. and Martin, S.},
  booktitle={HotDep 2005},
  pages={2005--120},
  year={2005}
}

@conference{internet-archive,
  title={{Disk failure investigations at the internet archive}},
  author={Schwarz, T. and Baker, M. and Bassi, S. and Baumgart, B. and Flagg, W. and van Ingen, C. and Joste, K. and Manasse, M. and Shah, M.},
  booktitle={MSST 2006},
  year={2006}
}

@conference{incremental-svm,
  title={{Incremental support vector machine classification}},
  author={Fung, G. and Mangasarian, O.L.},
  booktitle={Proceedings of the Second SIAM International Conference on Data Mining, Arlington, Virginia},
  pages={247--260},
  year={2002}
}

@conference{tsar,
  title={{Tsar: A two tier sensor storage architecture using interval skip graphs}},
  author={Desnoyers, P. and Ganesan, D. and Shenoy, P.},
  booktitle={Proceedings of the 3rd international conference on Embedded networked sensor systems},
  pages={50},
  year={2005},
  organization={ACM}
}
