@inproceedings{lo2014icap,
  title={ICAP, a new flash wear-leveling algorithm inspired by locality},
  author={Lo, Shi-wu and Chen, Bo-Hong and Chen, Yu-Wei and Shen, Tzu-Chieh and Lin, You-Ching},
  booktitle={Proceedings of the 29th Annual ACM Symposium on Applied Computing},
  pages={1478--1483},
  year={2014},
  organization={ACM}
}

@inproceedings{wu2012delta,
  title={Delta-FTL: improving SSD lifetime via exploiting content locality},
  author={Wu, G. and He, X.},
  booktitle={Proceedings of the 7th ACM european conference on Computer Systems},
  pages={253--266},
  year={2012},
  organization={ACM}
}

@article{rand,
  author={Rand, W.M.},
  title={Objective criteria for the evaluation of clustering methods},
  journal={ Journal of the American Statistical Association},
  year={1971},
  volume={66},
  pages={846-850}
}
@article{sorenson,
  author = {S\o renson, T.},
  title={A method of establishing groups of equal amplitude in plant
  sociology based oil similarity of species content},
  journal={K. danske Videnskab.Selsk. biol.Skr},
  year={1948},
  pages={1-34}
}

@article{tanimoto,
  author = {Jaccard, P.},
  title={Distribution de la flore alpine dans le bassin des Dranses et dans quelques régions voisines},
  journal={Bulletin del la Société Vaudoise des Sciences Naturelles},
  year={1901},
  volume={37},
  pages={241-272}
}
  
@article{coffman-partition,
 author = {Coffman,Jr., E. G. and Ryan,Jr., Thomas A.},
 title = {A study of storage partitioning using a mathematical model of locality},
 journal = {Commun. ACM},
 issue_date = {March 1972},
 volume = {15},
 number = {3},
 month = mar,
 year = {1972},
 pages = {185--190},
} 



@inproceedings{ubm,
 author = {J.M. Kim and J. Choi and J. Kim and S. H. Noh and S. L. Min and Y.
   Cho and and C.S. Kim},
 title = {A low-overhead high-performance unified buffer management scheme that exploits sequential and looping references},
 booktitle = {Proceedings of the 4th conference on Symposium on Operating System Design \& Implementation - Volume 4},
 series = {OSDI'00},
 year = {2000},
} 

@book{xiv-whitepaper,
  title={IBM XIV Storage System Gen3 Architecture, Implementation, and Usage},
  author={B. Dufrasne et al.},
  publisher={IBM, International Technical Support Organization},
  pages={426},
  howpublished={\url{http://www.redbooks.ibm.com/abstracts/sg247659.html}},
  year={2012}
}
@article{ntfs,
  author={J. Metz},
  title={Working document of the New Technologies File System (NTFS)},
  publisher={\url{https://www.google.com/url?sa=t&rct=j&q=&esrc=s&source=web&cd=2&ved=0CDsQFjAB&url=http%3A%2F%2Flibfslibs.googlecode.com%2Ffiles%2FNew%2520Technologies%2520File%2520System%2520(NTFS).pdf}},
  volume={0.0.3},
  year={2012}}

@article{aol-leak,
  author={M. Barbaro and T. Zeller Jr.},
  title={A Face Is Exposed for AOL Searcher No. 4417749},
  publisher={The New York Times},
  month={August},
  year={2006}}

@inproceedings{aleatha,
  author       = {A. Parker-Wood and B. Madden and M. McThrow and D.D.E. Long and I.F. Adams and A. Wildani},
  title        = {Examining Extended and Scientific Metadata for Scalable Index
Designs},
  booktitle = {Systor 2013},
  month        = jun,
  year         = {2013}
}

@book{borodin1998online,
  title={Online computation and competitive analysis},
  author={A. Borodin and R. El-Yaniv},
  volume={53},
  year={1998},
  publisher={Cambridge University Press Cambridge}
}

@article{rtc,
  title={To Defrag or Not to Defrag –- That Is the Question for SSD},
  author={Y. H. Lee},
  publisher={RTC Magazine},
  year={2008},
  url={http://rtcmagazine.com/articles/view/101053}
}

@inproceedings{curry2011power,
  title={Power use of disk subsystems in supercomputers},
  author={M.L. Curry, H.L. Ward, G. Grider, J. Gemmill, J. Harris, and D. Martinez},
  booktitle={Proceedings of the sixth workshop on Parallel Data Storage (PDSW'11)},
  pages={49--54},
  year={2011},
  organization={ACM}
}

