@article{johansen2014fireflies,
   author = {Haavard Johansen and Robbert van Renesse and \textbf{Ymir Vigfusson} and Dag Johansen},
   title = {Fireflies: Secure and Scalable Membership and Gossip Service},
   journal = {ACM Transactions on Computer Systems (TOCS)},
    year = {2014},
   intype = {in press}
}

@inproceedings{rovelli2014pmds,
   author = {Paolo Rovelli and \textbf{Ymir Vigfusson}},
   title = {{PMDS}: Permission-based Malware Detection System},
   booktitle = {Proceedings of the 10th International Conference on Information Systems Security (ICISS '14)},
   year = {2014},
   location = {Hyderabad, India},
} 

@inproceedings{saemundsson2014dynamic,
    author = {Saemundsson, Trausti and Bjornsson, Hjortur and Chockler, Gregory and \textbf{Ymir Vigfusson}},
    title = {Dynamic Performance Profiling of Cloud Caches},
    booktitle = {Proceedings of the ACM Symposium on Cloud Computing},
    series = {SOCC '14},
    year = {2014},
    isbn = {978-1-4503-3252-1},
    location = {Seattle, WA, USA},
    pages = {28:1--28:14},
    articleno = {28},
    numpages = {14},
    url = {http://doi.acm.org/10.1145/2670979.2671007},
    doi = {10.1145/2670979.2671007},
    acmid = {2671007},
    publisher = {ACM},
    address = {New York, NY, USA},
    keywords = {LRU, caching, hit-rate curves, memcached, miss-rate curves, profiling},
}

@inproceedings{huang2014characterizing,
    author = {Huang, Qi and Gudmundsdottir, Helga and \textbf{Ymir Vigfusson} and Freedman, Daniel A. and Birman, Ken and van Renesse, Robbert},
    title = {Characterizing Load Imbalance in Real-World Networked Caches},
    booktitle = {Proceedings of the 13th ACM Workshop on Hot Topics in Networks},
    series = {HotNets-XIII},
    year = {2014},
    isbn = {978-1-4503-3256-9},
    location = {Los Angeles, CA, USA},
    pages = {8:1--8:7},
    articleno = {8},
    numpages = {7},
    url = {http://doi.acm.org/10.1145/2670518.2673882},
    doi = {10.1145/2670518.2673882},
    acmid = {2673882},
    publisher = {ACM},
    address = {New York, NY, USA},
    keywords = {Caching, Load Balancing, Networking},
}

@inproceedings{gudmundsdottir2014extending,
    author = {Gudmundsdottir, Helga and \'{A}sgeirsson, Eyj\'{o}lfur I. and Bodlaender, Marijke H.L. and Foley, Joseph T. and Halld\'{o}rsson, Magn\'{u}s M. and \textbf{Ymir Vigfusson}},
    title = {Extending Wireless Algorithm Design to Arbitrary Environments via Metricity},
    booktitle = {Proceedings of the 17th ACM International Conference on Modeling, Analysis and Simulation of Wireless and Mobile Systems (MSWiM)},
    series = {MSWiM '14},
    year = {2014},
    isbn = {978-1-4503-3030-5},
    location = {Montreal, QC, Canada},
    pages = {275--284},
    numpages = {10},
    url = {http://doi.acm.org/10.1145/2641798.2641811},
    doi = {10.1145/2641798.2641811},
    acmid = {2641811},
    publisher = {ACM},
    address = {New York, NY, USA},
    keywords = {SINR model, experiments, wireless ad-hoc networks, wireless algorithm design, wireless interference models},
}

@inproceedings{sigurbjarnarson2014harmonium,
    title={{Harmonium}: Elastic Cloud Storage via File Motifs},
    author={Sigurbjarnarson, Helgi and Ragnarsson, Petur Orri and \textbf{Ymir Vigfusson} and Balakrishnan, Mahesh},
    booktitle = {6th USENIX Workshop on Hot Topics in Storage and File Systems (HotStorage 14)},
year = {2014},
month = Jun,
address = {Philadelphia, PA},
url = {https://www.usenix.org/conference/hotstorage14/workshop-program/presentation/sigurbjarnarson},
publisher = {USENIX Association},
}

@inproceedings{friedman2014molstream,
    title={{MOLStream}: A Modular Rapid Development and Evaluation Framework for Live {P2P} Streaming},
    author={Friedman, Roy and Libov, Alexander and \textbf{Ymir Vigfusson}},
    booktitle={IEEE 34th International Conference on Distributed Computing Systems (ICDCS)},
    pages={278--287},
    year={2014},
    organization={IEEE}
}

@inproceedings{abulibdeh2013leveraging,
    author = {Abu-Libdeh, Hussam and van Renesse, Robbert and \textbf{Ymir Vigfusson}},
    title = {Leveraging Sharding in the Design of Scalable Replication Protocols},
    booktitle = {Proceedings of the 4th Annual ACM Symposium on Cloud Computing},
    series = {SOCC '13},
    year = {2013},
    isbn = {978-1-4503-2428-1},
    location = {Santa Clara, California},
    pages = {12:1--12:16},
    articleno = {12},
    numpages = {16},
    url = {http://doi.acm.org/10.1145/2523616.2523623},
    doi = {10.1145/2523616.2523623},
    acmid = {2523623},
    publisher = {ACM},
    address = {New York, NY, USA},
}


// TODO: Distributed Scheduling for Data Aggregation in Wireless Networks

@inproceedings{jonsson2012robust,
    title={Robust authentication in trusted sensing networks with physically unclonable functions},
    author={J{\'o}nsson, Kristj{\'a}n Valur and \textbf{Ymir Vigfusson}},
    year={2012},
    organization={17th Nordic Security on Secure IT systems (NordSec)},
    location = {Karlskrona, Sweden}
}

@misc{vigfusson2012live,
    title={Live Network Streaming with Utilities and Cost},
    author={\textbf{Ymir Vigfusson} and Liu, Annie and Liu, Winnie and Zhu, Yuanchao and Sigurbjornsson, Gunnar S and Jonsson, Kristjan V and Huang, Qi and Birman, Ken and Freedman, Daniel A},
    booktitle = {6th International Workshop on Large Scale Distributed Systems and Middleware},
    series = {LADIS '12},
    year = {2012},
    location = {Madeira, Portugal},
}

@inproceedings{vigfusson2012brief,
    author = {\textbf{Ymir Vigfusson} and Birman, Ken and Freedman, Daniel A. and Huang, Qi and J\'{o}nsson, Kristj\'{a}n V. and Sigurbj\"{o}rnsson, Gunnar},
    title = {Brief Announcement: Live Streaming with Utilities, Quality and Cost},
    booktitle = {Proceedings of the 2012 ACM Symposium on Principles of Distributed Computing},
    series = {PODC '12},
    year = {2012},
    isbn = {978-1-4503-1450-3},
    location = {Madeira, Portugal},
    pages = {341--342},
    numpages = {2},
    url = {http://doi.acm.org/10.1145/2332432.2332500},
    doi = {10.1145/2332432.2332500},
    acmid = {2332500},
    publisher = {ACM},
    address = {New York, NY, USA},
    keywords = {approximation algorithm, live streaming, optimization, utility},
}

@inproceedings{jonsson2012secure,
    title={Secure distributed top-$k$ aggregation},
    author={J{\'o}nsson, Kristj{\'a}n Valur and Palmskog, Karl and \textbf{Ymir Vigfusson}},
    booktitle={2012 IEEE International Conference on Communications (ICC)},
    pages={804--809},
    year={2012},
    organization={IEEE}
}

@inproceedings{jonsson2012simulating,
    author = {J\'{o}nsson, Kristj\'{a}n Valur and \textbf{Ymir Vigfusson} and Helgason, \'{O}lafur},
    title = {Simulating Large-scale Dynamic Random Graphs in OMNeT++},
    booktitle = {Proceedings of the 5th International ICST Conference on Simulation Tools and Techniques},
    series = {SIMUTOOLS '12},
    year = {2012},
    isbn = {978-1-4503-1510-4},
    location = {Desenzano del Garda, Italy},
    pages = {311--318},
    numpages = {8},
    url = {http://dl.acm.org/citation.cfm?id=2263019.2263068},
    acmid = {2263068},
    publisher = {ICST (Institute for Computer Sciences, Social-Informatics and Telecommunications Engineering)},
    address = {ICST, Brussels, Belgium, Belgium},
    keywords = {OMNeT++, discrete event simulation, distributed aggregation protocols, random graphs, simulation},
} 

@inproceedings{jonsson2012bootstrapping,
    title={Bootstrapping trust in networked measurement systems with secure sensors},
    author={J{\'o}nsson, Kristj{\'a}n Valur and \textbf{Ymir Vigfusson}},
    booktitle={2012 IEEE Sensors Applications Symposium (SAS)},
    pages={1--6},
    year={2012},
    organization={IEEE}
}

@incollection{verssimo2012distributed,
    title={Distributed Attack Detection Using Agilis},
    author={Verssimo, Paulo Esteves and Aniello, Leonardo and Baldoni, Roberto and Chockler, Gregory and Laventman, Gennady and Lodi, Giorgia and \textbf{Ymir Vigfusson}},
    booktitle={Collaborative Financial Infrastructure Protection},
    pages={157--174},
    year={2012},
    publisher={Springer}
}

@incollection{marchetti2012cyber,
    title={Cyber attacks on financial critical infrastructures},
    author={Marchetti, Mirco and Colajanni, Michele and Messori, Michele and Aniello, Leonardo and \textbf{Ymir Vigfusson}},
    booktitle={Collaborative Financial Infrastructure Protection},
    pages={53--82},
    year={2012},
    publisher={Springer}
}

@article{guerraoui2012decentralized,
    title={Decentralized polling with respectable participants},
    author={Guerraoui, Rachid and Huguenin, K{\'e}vin and Kermarrec, Anne-Marie and Monod, Maxime and \textbf{Ymir Vigfusson}},
    journal={Journal of Parallel and Distributed Computing},
    volume={72},
    number={1},
    pages={13--26},
    year={2012},
    publisher={Elsevier}
}

@article{laden2012adaptive,
    author = {Laden, Guy and Melamed, Roie and \textbf{Ymir Vigfusson}},
    title = {Adaptive and Dynamic Funnel Replication in Clouds},
    journal = {SIGOPS Oper. Syst. Rev.},
    issue_date = {January 2012},
    volume = {46},
    number = {1},
    month = feb,
    year = {2012},
    issn = {0163-5980},
    pages = {40--46},
    numpages = {7},
    url = {http://doi.acm.org/10.1145/2146382.2146390},
    doi = {10.1145/2146382.2146390},
    acmid = {2146390},
    publisher = {ACM},
    address = {New York, NY, USA},
}

@article{chockler2011design,
    title={Design and implementation of caching services in the cloud},
    author={Chockler, Gregory and Laden, Guy and \textbf{Ymir Vigfusson}},
    journal={IBM Journal of Research and Development},
    volume={55},
    number={6},
    pages={9--1},
    year={2011},
    publisher={IBM}
}

@article{jonsson2011securing,
    title={Securing distributed aggregation with trusted devices},
    author={J{\'o}nsson, Kristj{\'a}n V and \textbf{Ymir Vigfusson}},
    journal={17th Nordic Security on Secure IT systems (NordSec)},
    location={Tallinn, Estonia},
    year={2011}
}

@inproceedings{huang2010kevlar,
    author = {Huang, Qi and Freedman, Daniel A. and \textbf{Ymir Vigfusson} and Birman, Ken and Peng, Bo},
    title = {Kevlar: A Flexible Infrastructure for Wide-area Collaborative Applications},
    booktitle = {Proceedings of the ACM/IFIP/USENIX 11th International Conference on Middleware},
    series = {Middleware '10},
    year = {2010},
    isbn = {978-3-642-16954-0},
    location = {Bangalore, India},
    pages = {148--168},
    numpages = {21},
    url = {http://dl.acm.org/citation.cfm?id=2023718.2023729},
    acmid = {2023729},
    publisher = {Springer-Verlag},
    address = {Berlin, Heidelberg},
    keywords = {collaboration, distributed systems, overlay networks},
}

@inproceedings{chockler2010data,
    author = {Chockler, Gregory and Laden, Guy and \textbf{Ymir Vigfusson}},
    title = {Data Caching As a Cloud Service},
    booktitle = {Proceedings of the 4th International Workshop on Large Scale Distributed Systems and Middleware},
    series = {LADIS '10},
    year = {2010},
    isbn = {978-1-4503-0406-1},
    location = {Z\ürich, Switzerland},
    pages = {18--21},
    numpages = {4},
    url = {http://doi.acm.org/10.1145/1859184.1859190},
    doi = {10.1145/1859184.1859190},
    acmid = {1859190},
    publisher = {ACM},
    address = {New York, NY, USA},
    keywords = {QoS, cache, partitioning},
}

@inproceedings{basin2010sources,
    author = {Basin, Dmitry and Birman, Ken and Keidar, Idit and \textbf{Ymir Vigfusson}},
    title = {Sources of Instability in Data Center Multicast},
    booktitle = {Proceedings of the 4th International Workshop on Large Scale Distributed Systems and Middleware},
    series = {LADIS '10},
    year = {2010},
    isbn = {978-1-4503-0406-1},
    location = {Z\ürich, Switzerland},
    pages = {32--37},
    numpages = {6},
    url = {http://doi.acm.org/10.1145/1859184.1859194},
    doi = {10.1145/1859184.1859194},
    acmid = {1859194},
    publisher = {ACM},
    address = {New York, NY, USA},
    keywords = {cloud computing, reliable multicast},
}

@inproceedings{huang2010quilt,
    author = {Huang, Qi and \textbf{Ymir Vigfusson} and Birman, Ken and Li, Haoyuan},
    title = {Quilt: A Patchwork of Multicast Regions},
    booktitle = {Proceedings of the Fourth ACM International Conference on Distributed Event-Based Systems},
    series = {DEBS '10},
    year = {2010},
    isbn = {978-1-60558-927-5},
    location = {Cambridge, United Kingdom},
    pages = {184--195},
    numpages = {12},
    url = {http://doi.acm.org/10.1145/1827418.1827457},
    doi = {10.1145/1827418.1827457},
    acmid = {1827457},
    publisher = {ACM},
    address = {New York, NY, USA},
}

@inproceedings{girdzijauskas2010magnet,
    author = {Girdzijauskas, Sarunas and Chockler, Gregory and \textbf{Ymir Vigfusson} and Tock, Yoav and Melamed, Roie},
    title = {Magnet: Practical Subscription Clustering for {Internet}-scale Publish/Subscribe},
    booktitle = {Proceedings of the Fourth ACM International Conference on Distributed Event-Based Systems},
    series = {DEBS '10},
    year = {2010},
    isbn = {978-1-60558-927-5},
    location = {Cambridge, United Kingdom},
    pages = {172--183},
    numpages = {12},
    url = {http://doi.acm.org/10.1145/1827418.1827456},
    doi = {10.1145/1827418.1827456},
    acmid = {1827456},
    publisher = {ACM},
    address = {New York, NY, USA},
}

@article{vigfusson2010optimizing,
    author = {\textbf{Ymir Vigfusson} and Birman, Ken and Huang, Qi and Nataraj, Deepak P.},
    title = {Optimizing Information Flow in the Gossip Objects Platform},
    journal = {SIGOPS Operating Systems Review (OSR)},
    issue_date = {April 2010},
    volume = {44},
    number = {2},
    month = apr,
    year = {2010},
    issn = {0163-5980},
    pages = {71--76},
    numpages = {6},
    url = {http://doi.acm.org/10.1145/1773912.1773930},
    doi = {10.1145/1773912.1773930},
    acmid = {1773930},
    publisher = {ACM},
    address = {New York, NY, USA},
    keywords = {epidemic broadcast, gossip, multicast},
}

@inproceedings{vigfusson2010dr,
    title={{Dr. Multicast}: {Rx} for data center communication scalability},
    author={\textbf{Ymir Vigfusson} and Abu-Libdeh, Hussam and Balakrishnan, Mahesh and Birman, Ken and Burgess, Robert and Chockler, Gregory and Li, Haoyuan and Tock, Yoav},
    booktitle={Proceedings of the 5th European Conference on Computer Systems (EuroSys'10)},
    pages={349--362},
    year={2010},
    organization={ACM}
}

@article{vigfusson2010clouds,
    title={Clouds at the crossroads: research perspectives},
    author={\textbf{Ymir Vigfusson} and Chockler, Gregory},
    journal={Crossroads},
    volume={16},
    number={3},
    pages={10--13},
    year={2010},
    publisher={ACM}
}

@inproceedings{vigfusson2009go,
    title={{GO}: Platform support for gossip applications},
    author={\textbf{Ymir Vigfusson} and Birman, Ken and Huang, Qi and Nataraj, Deepak P},
    booktitle={IEEE Ninth International Conference on Peer-to-Peer Computing (P2P'09)},
    pages={222--231},
    year={2009},
    organization={IEEE}
}

@article{vigfusson2009adaptively,
    author = {\textbf{Ymir Vigfusson} and Silberstein, Adam and Cooper, Brian F. and Fonseca, Rodrigo},
    title = {Adaptively Parallelizing Distributed Range Queries},
    journal = {Proceedings of the  VLDB Endowment},
    issue_date = {August 2009},
    volume = {2},
    number = {1},
    month = aug,
    year = {2009},
    issn = {2150-8097},
    pages = {682--693},
    numpages = {12},
    url = {http://dx.doi.org/10.14778/1687627.1687705},
    doi = {10.14778/1687627.1687705},
    acmid = {1687705},
    publisher = {VLDB Endowment},
}

@inproceedings{vigfusson2008dr,
    author = {\textbf{Ymir Vigfusson} and Abu-Libdeh, Hussam and Balakrishnan, Mahesh and Birman, Ken and Tock, Yoav},
    title = {{Dr. Multicast: Rx for Data Center Communication Scalability}},
    booktitle = {Proceedings of the 2nd Workshop on Large-Scale Distributed Systems and Middleware},
    series = {LADIS '08},
    year = {2008},
    isbn = {978-1-60558-296-2},
    location = {Yorktown Heights, New York},
    pages = {10:1--10:12},
    articleno = {10},
    numpages = {12},
    url = {http://doi.acm.org/10.1145/1529974.1529988},
    doi = {10.1145/1529974.1529988},
    acmid = {1529988},
    publisher = {ACM},
    address = {New York, NY, USA},
    keywords = {IPMC, multicast, policy},
}

@article{gramoli2009slicing,
    title={Slicing distributed systems},
    author={Gramoli, Vincent and \textbf{Ymir Vigfusson} and Birman, Ken and Kermarrec, A-M and Van Renesse, Robbert},
    journal={IEEE Transactions on Computers (ToC)},
    volume={58},
    number={11},
    pages={1444--1455},
    year={2009},
    publisher={IEEE}
}

@inproceedings{wong2007hyperspaces,
    title={Hyperspaces for object clustering and approximate matching in peer-to-peer overlays},
    author={Wong, Bernard and Vigf{\'u}sson, Ymir and Sirer, Emin G{\"u}n},
    booktitle={Proceedings of the 11th USENIX workshop on Hot Topics in Operating Systems (HotOS)},
    pages={8},
    year={2007},
    organization={USENIX Association}
}


@techreport{ironman,
title = {Computer Science Curricula 2013},
author = {{ACM/IEEE-CS Joint Task Force on Computing Curricula}},
month = {December},
year = {2013},
institution = {ACM Press and IEEE Computer Society Press},
url = {http://dx.doi.org/10.1145/2534860},
doi = {10.1145/2534860}
}
